@article {ML,
    AUTHOR = {Martin-L\"{o}f, Per},
     TITLE = {The definition of random sequences},
   JOURNAL = {Information and Control},
  FJOURNAL = {Information and Control},
    VOLUME = {9},
      YEAR = {1966},
     PAGES = {602--619},
      ISSN = {0019-9958},
   MRCLASS = {94.20 (60.00)},
  MRNUMBER = {223179},
MRREVIEWER = {F. J. Beutler},
}

@article {MRL,
    AUTHOR = {Kjos-Hanssen, Bj\o rn},
     TITLE = {Infinite subsets of random sets of integers},
   JOURNAL = {Math. Res. Lett.},
  FJOURNAL = {Mathematical Research Letters},
    VOLUME = {16},
      YEAR = {2009},
    NUMBER = {1},
     PAGES = {103--110},
      ISSN = {1073-2780},
   MRCLASS = {03D32 (03B30 03D80 03F35 60C05)},
  MRNUMBER = {2480564},
MRREVIEWER = {Antonio Montalb\'{a}n},
       DOI = {10.4310/MRL.2009.v16.n1.a10},
       URL = {https://doi-org.eres.library.manoa.hawaii.edu/10.4310/MRL.2009.v16.n1.a10},
}